@article{firstcomp,
	title={The First MicroRTS Artificial Intelligence Competition.},
	author={Onta{\~n}{\'o}n, Santiago and Barriga, Nicolas A and Silva, Cleyton R and Moraes, Rubens O and Lelis, Levi HS},
	journal={AI Magazine},
	volume={39},
	number={1},
	year={2018}
}